<?xml version="1.0" encoding="UTF-8"?><collection xmlns="http://www.loc.gov/MARC21/slim"><record><leader>00467nam--2200169-i-4500</leader><controlfield tag="001">000044592</controlfield><controlfield tag="002">20161230</controlfield><controlfield tag="005">20170122214223</controlfield><controlfield tag="008">060222s1000------------r-----000-0-eng-d</controlfield><datafield ind1=" " ind2=" " tag="100"><subfield code="a">Thibaud, Jean</subfield></datafield><datafield ind1=" " ind2=" " tag="245"><subfield code="a">Vie et transmutations des atomes</subfield></datafield><datafield ind1=" " ind2=" " tag="250"><subfield code="a">4e ed.revisee</subfield></datafield><datafield ind1=" " ind2=" " tag="260"><subfield code="a">Paris</subfield><subfield code="b">Albin Michel</subfield><subfield code="c">[1937]</subfield></datafield><datafield ind1=" " ind2=" " tag="300"><subfield code="a">308 p.Cu Fig.+24f.Pl</subfield></datafield><datafield ind1=" " ind2=" " tag="490"><subfield code="a">Sciences D`Aujourd`Hui ... Dirigee Par Andre George</subfield></datafield><datafield ind1=" " ind2=" " tag="852"><subfield code="a">10326</subfield></datafield><datafield ind1=" " ind2=" " tag="CAT"><subfield code="a">SYS</subfield><subfield code="c">20170122</subfield><subfield code="h">214223</subfield></datafield></record></collection>